@misc{one_stacksmashing_1996,
    author = {AlephOne},
    title = {Smashing The Stack For Fun And Profit},
    year = {November 08, 1996},
    howpublished = "\url{http://insecure.org/stf/smashstack.html}"
}

@misc{smith_stacksmashing_1997,
    author = {Nathan P. Smith},
    title = {Stack smashing vulnerabilities in the UNIX operating system},
    year = {1997}
}

@misc{solar_returnintolib_1997,
    author = {SolarDesigner},
    title = {Return-into-lib(c) exploits},
    year = {August 10, 1997},
    howpublished = "\url{http://seclists.org/bugtraq/1997/Aug/63}"
}

@article{roemer_return-oriented_2012,
	title = {Return-{Oriented} {Programming}: {Systems}, {Languages}, and {Applications}},
	volume = {15},
	issn = {10949224},
	shorttitle = {Return-{Oriented} {Programming}},
	url = {http://dl.acm.org/citation.cfm?doid=2133375.2133377},
	doi = {10.1145/2133375.2133377},
	language = {en},
	number = {1},
	urldate = {2017-04-06},
	journal = {ACM Transactions on Information and System Security},
	author = {Roemer, Ryan and Buchanan, Erik and Shacham, Hovav and Savage, Stefan},
	month = mar,
	year = {2012},
	pages = {1--34}
}

@misc{dolan_mov_2013,
    author = {Stephen Dolan},
    title = {mov is Turing-complete},
    year = {July 19, 2013},
    howpublished = "\url{http://www.cl.cam.ac.uk/~sd601/papers/mov.pdfA}"
}


@article{ouyang_advanced_2015,
	title = {An advanced automatic construction method of {ROP}},
	volume = {20},
	issn = {1007-1202, 1993-4998},
	url = {http://link.springer.com/10.1007/s11859-015-1069-x},
	doi = {10.1007/s11859-015-1069-x},
	language = {en},
	number = {2},
	urldate = {2017-04-06},
	journal = {Wuhan University Journal of Natural Sciences},
	author = {Ouyang, Yongji and Wang, Qingxian and Peng, Jianshan and Zeng, Jie},
	month = apr,
	year = {2015},
	pages = {119--128}
}

@misc{mulder_subject_2016,
	title = {On the subject of {Control} {Flow} {Integrity}: {A} comparative literature study},
	language = {en},
	author = {Mulder, Boris},
	month = feb,
	year = {2016}
}


@incollection{barthe_pshape:_2016,
	address = {Cham},
	title = {{PSHAPE}: {Automatically} {Combining} {Gadgets} for {Arbitrary} {Method} {Execution}},
	volume = {9871},
	isbn = {978-3-319-46597-5 978-3-319-46598-2},
	shorttitle = {{PSHAPE}},
	url = {http://link.springer.com/10.1007/978-3-319-46598-2_15},
	urldate = {2017-04-11},
	booktitle = {Security and {Trust} {Management}},
	publisher = {Springer International Publishing},
	author = {Follner, Andreas and Bartel, Alexandre and Peng, Hui and Chang, Yu-Chen and Ispoglou, Kyriakos and Payer, Mathias and Bodden, Eric},
	editor = {Barthe, Gilles and Markatos, Evangelos and Samarati, Pierangela},
	year = {2016},
	note = {DOI: 10.1007/978-3-319-46598-2\_15},
	pages = {212--228}
}


@misc{nguyen_optirop:_2013,
	address = {Blackhat USA},
	title = {{OptiROP}: {Hunting} for {ROP} gadgets in style},
	url = {https://media.blackhat.com/us-13/US-13-Quynh-OptiROP-Hunting-for-ROP-Gadgets-in-Style-Slides.pdf},
	language = {eng},
	author = {Nguyen, Anh Quynh},
	month = aug,
	year = {2013}
}


@article{DBLP:journals/iee/MouzaraniSZ16,
  author    = {Maryam Mouzarani and
               Babak Sadeghiyan and
               Mohammad Zolfaghari},
  title     = {Smart fuzzing method for detecting stack-based buffer overflow in
               binary codes},
  journal   = {{IET} Software},
  volume    = {10},
  number    = {4},
  pages     = {96--107},
  year      = {2016},
  url       = {https://doi.org/10.1049/iet-sen.2015.0039},
  doi       = {10.1049/iet-sen.2015.0039},
  timestamp = {Sun, 28 May 2017 13:23:51 +0200},
  biburl    = {http://dblp.uni-trier.de/rec/bib/journals/iee/MouzaraniSZ16},
  bibsource = {dblp computer science bibliography, http://dblp.org}
}


@article{DBLP:journals/iee/PadmanabhuniT16,
  author    = {Bindu Madhavi Padmanabhuni and
               Hee Beng Kuan Tan},
  title     = {Auditing buffer overflow vulnerabilities using hybrid static-dynamic
               analysis},
  journal   = {{IET} Software},
  volume    = {10},
  number    = {2},
  pages     = {54--61},
  year      = {2016},
  url       = {https://doi.org/10.1049/iet-sen.2014.0185},
  doi       = {10.1049/iet-sen.2014.0185},
  timestamp = {Sun, 28 May 2017 13:23:51 +0200},
  biburl    = {http://dblp.uni-trier.de/rec/bib/journals/iee/PadmanabhuniT16},
  bibsource = {dblp computer science bibliography, http://dblp.org}
}


@inproceedings{DBLP:conf/ant/LeonB16,
  author    = {Erick Leon and
               Stefan D. Bruda},
  title     = {Counter-Measures against Stack Buffer Overflows in GNU/Linux Operating
               Systems},
  booktitle = {The 7th International Conference on Ambient Systems, Networks and
               Technologies {(ANT} 2016) / The 6th International Conference on Sustainable
               Energy Information Technology {(SEIT-2016)} / Affiliated Workshops,
               May 23-26, 2016, Madrid, Spain},
  pages     = {1301--1306},
  year      = {2016},
  crossref  = {DBLP:conf/ant/2016},
  url       = {https://doi.org/10.1016/j.procs.2016.04.270},
  doi       = {10.1016/j.procs.2016.04.270},
  timestamp = {Wed, 24 May 2017 08:30:11 +0200},
  biburl    = {http://dblp.uni-trier.de/rec/bib/conf/ant/LeonB16},
  bibsource = {dblp computer science bibliography, http://dblp.org}
}


@misc{sashs_ropper,
    author = {Sascha Schirra},
    title = {Ropper},
    howpublished = "\url{https://github.com/sashs/Ropper}"
}


@misc{domas_movfuscator,
    author = {Chris Domas},
    title = {M/o/Vfuscator, the single instruction compiler},
    howpublished = "\url{http://www.github.com/xoreaxeaxeax/movfuscator}"
}
